<?xml version="1.0" encoding="UTF-8"?><collection xmlns="http://www.loc.gov/MARC21/slim"><record><leader>00498nam--2200169-i-4500</leader><controlfield tag="001">000014662</controlfield><controlfield tag="002">20161230</controlfield><controlfield tag="005">20170210131310</controlfield><controlfield tag="008">060222s1000------------r-----000-0-eng-d</controlfield><datafield ind1=" " ind2=" " tag="080"><subfield code="a">621.039.542:34:621.039.548.53(047.3)</subfield></datafield><datafield ind1=" " ind2=" " tag="100"><subfield code="a">Acena Moreno, Victoria</subfield></datafield><datafield ind1=" " ind2=" " tag="245"><subfield code="a">Combatibilidad del sodio con oxidos ceramicos utilizados en reactores nucleares</subfield></datafield><datafield ind1=" " ind2=" " tag="260"><subfield code="a">Madrid</subfield><subfield code="b">Junta De Energia Nuclear</subfield><subfield code="c">1981</subfield></datafield><datafield ind1=" " ind2=" " tag="300"><subfield code="a">42 p</subfield></datafield><datafield ind1=" " ind2=" " tag="490"><subfield code="a">Jen</subfield><subfield code="v">511</subfield></datafield><datafield ind1=" " ind2=" " tag="852"><subfield code="a">13754</subfield></datafield><datafield ind1=" " ind2=" " tag="CAT"><subfield code="a">SYS</subfield><subfield code="c">20170210</subfield><subfield code="h">131310</subfield></datafield></record></collection>